<?xml version="1.0" encoding="UTF-8"?><collection xmlns="http://www.loc.gov/MARC21/slim"><record><leader>00419nam--2200157-u-4500</leader><controlfield tag="001">000052178</controlfield><controlfield tag="002">20161230</controlfield><controlfield tag="005">20161230201049</controlfield><controlfield tag="008">100319s1000------------r-----000-0-rus-d</controlfield><datafield ind1=" " ind2=" " tag="040"><subfield code="a">IFIN-HH</subfield></datafield><datafield ind1=" " ind2=" " tag="041"><subfield code="a">rum</subfield></datafield><datafield ind1="1" ind2=" " tag="245"><subfield code="a">Tabliti sferoidalnykh volnovikh funktsii i ikh perbykh proizvodnykh Tom II</subfield></datafield><datafield ind1=" " ind2=" " tag="260"><subfield code="a">Nauka i tehnika</subfield><subfield code="b">Moskva</subfield><subfield code="c">1976</subfield></datafield><datafield ind1=" " ind2=" " tag="300"><subfield code="a">420 p</subfield></datafield><datafield ind1=" " ind2=" " tag="852"><subfield code="a">43844</subfield><subfield code="c">518.2</subfield></datafield><datafield ind1=" " ind2=" " tag="CAT"><subfield code="a">Sys</subfield><subfield code="c">20100319</subfield><subfield code="h">082144</subfield></datafield></record></collection>